%%%%%%%%%%%%%%%%%%%%%%%%%%%%%%%%%%%%%%%%%%%%%%%%%%%%%%%%%%%%%%%%%%%%%%%%%%%%%%%%%
% Article																																				%
% The required fields here are author, title, journal, and year; all others can	%
% be omitted if you do not have the corresponding information. Note as well			%
% that author names should be separated by “and”.																%
%%%%%%%%%%%%%%%%%%%%%%%%%%%%%%%%%%%%%%%%%%%%%%%%%%%%%%%%%%%%%%%%%%%%%%%%%%%%%%%%%
@article{arthur03,
	author = {Arthur B Cummings and David Eftekhary and Frank G House},
	title = {The accurate determination of college students’
	coefficients of friction},
	journal = {Journal of Sketchy Physics},
	volume = {13},
	year = {2003},
	number = {2},
	pages = {46--129}
}

%%%%%%%%%%%%%%%%%%%%%%%%%%%%%%%%%%%%%%%%%%%%%%%%%%%%%%%%%%%%%%%
% Book																												%
% The required fields are author, title, publisher, and year.	%
%%%%%%%%%%%%%%%%%%%%%%%%%%%%%%%%%%%%%%%%%%%%%%%%%%%%%%%%%%%%%%%
@book{prusty17,
	author = {Narayan Prusty},
	title = {Building Blockchain Projects},
	edition = {1},
	publisher = {Packt Publishing Ltd},
	address = {B3 2PB, UK},
	year = {2017}
}

%%%%%%%%%%%%%%%%%%%%%%%%%%%%%%%%%%%%%%%%%%%%%%%%%%%%%%%
% Series																							%
% Series are cited as books with an additional field.	%
%%%%%%%%%%%%%%%%%%%%%%%%%%%%%%%%%%%%%%%%%%%%%%%%%%%%%%%
@book{napster98,
	author = {L M Napster},
	title = {Mathematical Theory of Efficient Piracy},
	series = {Lecture Notes in Mathematics},
	volume = {3204},
	publisher = {Springer Verlag},
	address = {New York NY},
	year = {1998}
}

%%%%%%%%%%%%%%%%%%%%%%%%%%%%%%%%%%%%%%%%%%%%%%%%%%%%%%%%%%%%%%%%%%%%%%%%%%%%%
% PhD Thesis																																%
% The required fields are author, title, publisher, and year. You may also	%
% cite master’s theses using the mastersthesis entry type.									%
%%%%%%%%%%%%%%%%%%%%%%%%%%%%%%%%%%%%%%%%%%%%%%%%%%%%%%%%%%%%%%%%%%%%%%%%%%%%%
@phdthesis{qwerty96,
	author = {O P Qwerty},
	title = {History of the Goofy Layout of Keyboards},
	publisher = {Podunk University Arcana Department},
	address = {Podunk IN},
	year = {1996}
}

%%%%%%%%%%%%%%%%%%%%%%%%%%%%%%%%%%%%%%%%%%%%%%%%%%%%%%%%%%%%%%%
% Technical Report																						%
% The required fields are author, title, publisher, and year.	%
%%%%%%%%%%%%%%%%%%%%%%%%%%%%%%%%%%%%%%%%%%%%%%%%%%%%%%%%%%%%%%%
@techreport{swearingen85,
	author = {Robert Swearingen},
	title = {Morpholoty and syntax of British sailors’ English},
	series = {Technical Report},
	volume = {249},
	publisher = {Profanity Institute},
	address = {New York NY},
	year = {1985}
}

%%%%%%%%%%%%%%%%%%%%%%%%%%%%%%%%%%%%%%%%%%%%%%%%%%%%%%%%%%%%%%%%%%%%%%%%%%%
% In Collection																														%
% The required fields are author, title (of the article within the book),	%
% booktitle (name of the book containing the article), and year.					%
%%%%%%%%%%%%%%%%%%%%%%%%%%%%%%%%%%%%%%%%%%%%%%%%%%%%%%%%%%%%%%%%%%%%%%%%%%%
@incollection{upsilon87,
	author = {Tom Upsilon},
	title = {Obscure Greek letters and their meanings
	in mathematics and the sciences},
	editor = {V W Xavier},
	booktitle = {Proceedings of the seventh international
	trivia conference},
	publisher = {Last Resort Publishers},
	address = {Philadelphia PA},
	year = {1987},
	pages = {129--158}
}

%%%%%%%%%%%%%%%%%%%%%%%%%%%%%%%%%%%%%%%%%%%%%%%%%%%%%%%%%%%%%%%%%%%%%%%%%%%%%%%%%
% Website																																				%
% For websites, note the specific formatting of the howpublished field. Be			%
% sure to include the date of access as shown. Also, keep in mind that certain	%
% characters common in urls, such as underscores, must be escaped (preceded			%
% by a backslash, ex.																														%
%%%%%%%%%%%%%%%%%%%%%%%%%%%%%%%%%%%%%%%%%%%%%%%%%%%%%%%%%%%%%%%%%%%%%%%%%%%%%%%%%
@misc{tetazoo05,
	author = {James Tetazoo},
	title = {A brief guide to recreational pyromania},
	howpublished = {Available at \url{http://
	www.blowinglotsofweirdstuffup.com/guide.html} (2005/06/12)}
}

%%%%%%%%%%%%%%%%%%%%%%%%%%%%%%%%%%%%%%%%%%%%%%%%%%%%%%%%%%%%%%%%%%%%%%%%%
% Accepted for Publication																							%
% To show that an article has been accepted for publication but not yet	%
% published, include the line note = {(in press)}.											%
%%%%%%%%%%%%%%%%%%%%%%%%%%%%%%%%%%%%%%%%%%%%%%%%%%%%%%%%%%%%%%%%%%%%%%%%%
@unpublished{mentorAcc,
	author = {J Mentor},
	title = {Behavior of small animals on fire},
	journal = {Nature},
	note = {(in press)}
}

%%%%%%%%%%%%%%%%%%%%%%%%%%%%%%%%%%%%%%%%%%%%%%%%%%%%%%%%%%%%%%%%%%%%%%%%%%%%%
% Submitted for Publication																									%
% If a manuscript has been submitted but not yet accepted for publication,	%
% include a note to this effect.																						%
%%%%%%%%%%%%%%%%%%%%%%%%%%%%%%%%%%%%%%%%%%%%%%%%%%%%%%%%%%%%%%%%%%%%%%%%%%%%%
@unpublished{mentorSub,
	author = {J Mentor},
	title = {Behavior of small animals on fire},
	note = {Manuscript submitted for publication},
	year = {2012}
}

%%%%%%%%%%%%%%%%%%%%%%%%%%%%%%%%%%%%%%%%%%%%%%%%%%%%%%%%%%%%%%%%%%%%%%%%%%%%%
% Not Published																															%
% If a manuscript has not yet been published or submitted for publication,	%
% you may still cite it. Include a note to this effect.											%
%%%%%%%%%%%%%%%%%%%%%%%%%%%%%%%%%%%%%%%%%%%%%%%%%%%%%%%%%%%%%%%%%%%%%%%%%%%%%
@unpublished{mentorUnp,
	author = {J Mentor},
	title = {Behavior of small animals on fire},
	note = {Unpublished Manuscript},
	year = {2012}
}

%%%%%%%%%%%%%%%%%%%%%%%%%%%%%%%%%%%%%%%%%%%%%%%%%%%%%%%%%%%%%%%%%%%%%%%%%%%%%%%%%%%%%%%%%%%%%%%%%%%%%
% Conversation																																											%
% Occasionally, an important item that does not exist in the literature will												%
% be discussed with your mentor. When this happens, you may cite the conversation with your mentor.	%
%%%%%%%%%%%%%%%%%%%%%%%%%%%%%%%%%%%%%%%%%%%%%%%%%%%%%%%%%%%%%%%%%%%%%%%%%%%%%%%%%%%%%%%%%%%%%%%%%%%%%
@misc{freud12,
	author = {Sigmund Freud},
	month = {July},
	year = {2012},
	howpublished = {Personal conversation}
}
