@article{myself,
  title={How I created the theory of relativity},
  author={Einstein, Albert},
  journal={Physics today},
  volume={35},
  number={8},
  pages={45--47},
  year={1982}
}